@article{cannon,
  title={Blind deconvolution of spatially invariant image blurs with phase},
  author={Cannon, Michael},
  journal={IEEE Transactions on Acoustics, Speech, and Signal Processing},
  volume={24},
  number={1},
  pages={58--63},
  year={1976},
  publisher={IEEE}
}

@article{kopeika,
  title={Identification of blur parameters from motion blurred images},
  author={Yitzhaky, Yitzhak and Kopeika, Norman S},
  journal={Graphical models and image processing},
  year={1997},
  publisher={Elsevier}
}
@article{kundur,
title = {Blind Image Deconvolution Revisited},
author={Kundur, Deepa and Hatzinakos, Dimitrios},
  journal={IEEE signal processing magazine},
  volume={13},
  number={6},
  pages={61--63},
  year={1996},
  publisher={IEEE}
}
@article{chalmond,
title = {PSF Estimation for Image Deblurring},
  author={Chalmond, Bernard},
  journal={CVGIP: Graphical Models and Image Processing},
  volume={53},
  number={4},
  pages={364--372},
  year={1991},
  publisher={Elsevier}
}

@article{martinez2007petrographic,
  title={Petrographic quantification of brecciated rocks by image analysis. Application to the interpretation of elastic wave velocities},
  author={Mart{\'\i}nez-Mart{\'\i}nez, J and Benavente, D and Del Cura, MA Garc{\'\i}a},
  journal={Engineering geology},
  volume={90},
  number={1-2},
  pages={41--54},
  year={2007},
  publisher={Elsevier}
}

@article{Wu,
  title={Blind blur assessment for vision-based applications},
  author={Wu, Shiqian and Lin, Weisi and Xie, Shoulie and Lu, Zhongkang and Ong, Ee Ping and Yao, Susu},
  journal={Journal of Visual Communication and Image Representation},
  volume={20},
  number={4},
  pages={231--241},
  year={2009},
  publisher={Elsevier}
}

@article{rom,
  title={On the cepstrum of two-dimensional functions (Corresp.)},
  author={Rom, Raphael},
  journal={IEEE Transactions on Information Theory},
  volume={21},
  number={2},
  pages={214--217},
  year={1975},
  publisher={IEEE}
}

@article{lokh,
    author = {Lokhande, R. and Arya, K. V. and Gupta, P.},
    title = {Identification of Parameters and Restoration of Motion Blurred Images},
    year = {2006},
    journal = {Proceedings of the 2006 ACM Symposium on Applied Computing},
    pages = {301–305},
}

@article{oliv,
  title={Blind estimation of motion blur parameters for image deconvolution},
  author={Oliveira, Jo{\~a}o P and Figueiredo, Mario AT and Bioucas-Dias, Jos{\'e} M},
  journal={Iberian Conference on Pattern Recognition and Image Analysis},
  pages={604--611},
  year={2007},
  organization={Springer}
}

@article{moghaddam,
  title={Motion blur identification in noisy images using fuzzy sets},
  author={Moghaddam, Mohsen Ebrahimi and Jamzad, Mansour},
  journal={Proceedings of the Fifth IEEE International Symposium on Signal Processing and Information Technology, 2005.},
  pages={862--866},
  year={2005},
  organization={IEEE}
}

@article{shuler,
  title={Learning to deblur},
  author={C.J. Schuler, M. Hirsch, S. Harmeling and B. Scholkopf},
  journal={Trans. Pattern Anal. Mach. Intell.},
  pages={ 1439-1451},
  year={2016},
  organization={IEEE}
}

@article{sun,
  title={Learning a convolutional neural network for non-uniform motion blur removal},
  author={J. Sun, W. Cao, Z. Xu and J. Ponce},
  journal={Proc. IEEE Comput. Soc. Conf. Comput. Vis. Pattern Recognit. (CVPR)},
  pages={769-777},
  year={2015},  
  organization={IEEE}
}

@article{nah,
  title={Deep multi-scale convolutional neural network for dynamic scene deblurring},
  author={S. Nah, T. H. Kim, and K. M. Lee,},
  journal={Proc. IEEE Conf. Comput. Vis. Pattern Recognit.},
  pages={3883-3891},
  year={2017},  
  organization={IEEE}
}

@article{tao,
  title={Scale-recurrent network for deep image deblurring},
  author={X. Tao and H. Gao and X. Shen and J.Wang and J. Jia},
  journal={Proc. IEEE/CVF Conf. Comput. Vis. Pattern Recognit},
  pages={8174-8182},
  year={2018},  
  organization={IEEE}
}

@article{gao,
  title={Dynamic scene deblurring with parameter selective sharing and nested skip
connections},
  author={H. Gao and X. Tao and X. Shen and J. Jia},
  journal={Conference on Computer
Vision and Pattern Recognition (CVPR)},
  pages={3843–3851},
  year={2019},  
  organization={IEEE/CVF}
}

@article{dganv2,
author = {Orest Kupyn and Tetiana Martyniuk and Junru Wu and Zhangyang Wang},
title = {DeblurGAN-v2: Deblurring (Orders-of-Magnitude) Faster and Better},
journal = {The IEEE International Conference on Computer Vision (ICCV)},
year = {2019}
}

@article{jin,
  title={Learning Face Deblurring Fast and Wide},
  author={Meiguang Jin and M. Hirsch and P. Favaro},
  journal={Conference on Computer Vision and Pattern Recognition Workshops (CVPRW)},
  year={2018},
  pages={858-8588}
}

@article{srn,
author = {Tao, Xin and Gao, Hongyun and Wang, Yi and Shen, Xiaoyong and Wang, Jue and Jia, Jiaya},
year = {2018},
pages = {},
title = {Scale-recurrent Network for Deep Image Deblurring}
}

@article{gong,
author = {Dong Gong and Jie Yang and Lingqiao Liu and Yanning Zhang and Ian
Reid and Chunhua Shen and Anton Van Den Hengel and Qinfeng
Shi},
year = {2017},
month = {},
pages = {2319–2328},
journal={In Proceedings of the IEEE conference on computer vision and pattern
recognition},
title = {From motion blur to motion flow: A deep learning so-
lution for removing heterogeneous motion blur}
}

@article{zhang,
  title={Deblurring by realistic blurring},
  author={K. Zhang and W. Luo  and Y. Zhong  and L. Ma  and B. Stenger and  W. Liu and H. Li},
  journal={Conference on Computer Vision and Pattern Recognition},
  year={2020},
  pages={2734–2743}
}

@article{shen,
author = {Z. Shen and W. Wang and  X. Lu and  J. Shen and  H. Ling and  T. Xu,
and L. Shao},
year = {2019},
pages = {5571–5580},
journal={International Conference on Computer Vision
(ICCV)},
title = {Human-aware motion deblurring.}
}

@article{suin,
author = {M. Suin, K. Purohit, and A. N. Rajagopalan.},
year = {2020},
journal={Conference on Computer Vision
and Pattern Recognition (CVPR)},
title = {Spatially-attentive patch-hierarchical network for adaptive motion deblurring}
}

@article{novel,
author = {Deshpande, Ashwini and Patnaik, Suprava},
year = {2014},
pages = {606-615},
title = {A novel modified cepstral based technique for blind estimation of motion blur},
volume = {125},
journal = {Optik}
}

@article{whyte,
author = {Oliver Whyte, Josef Sivic, Andrew Zisserman and Jean
Ponce},
year = {2010},
pages = {491–498},
title = {Non-uniform deblurring for shaken images},
journal = {IEEE Computer Society Conference on Computer Vision and
Pattern Recognition}
}

@article{krishnan,
author = {Dilip Krishnan, Terence Tay, and Rob Fergus},
year = {2011},
pages = {233–240},
title = {Blind deconvolution using a normalized sparsity measure},
journal = {CVPR 2011}
}

@article{xu,
author = {Li Xu, Shicheng Zheng, and Jiaya Jia},
year = {2013},
title = {Unnatural L0 Sparse
Representation for Natural Image Deblurring}
}

@article{pan,
author = {Jinshan Pan, Deqing Sun, Hanspeter Pfister and MingHsuan Yang},
year = {2016},
pages = {1628–1636},
title = { Blind image deblurring using dark channel prior. },
journal = {Proceedings of the IEEE Conference on Computer
Vision and Pattern Recognition}
}

@article{dd,
author = { Seungjun Nah, Tae Hyun, Kim Kyoung and Mu Lee},
year = {2016},
title = {Deep Multi-scale Convolutional Neural Network for Dynamic Scene Deblurring},
}

@article{mehdi,
author = {Mehdi Noroozi, Paramanand Chandramouli, and Paolo Favaro},
year = {2017},
title = {Motion Deblurring in the Wild},
}